Date,Transaction,Amount,Balance
15/03/2019,Deposit, $500.00 , $500.00 
17/03/2019,ATM POS, $(100.00), $400.00 
29/03/2019,Deposit, $100.00 , $500.00 
03/04/2019,Pi Pay, $(20.00), $480.00 
08/04/2019,ATM POS, $(80.00), $400.00 
12/04/2019,Deposit, $125.00 , $525.00 
13/04/2019,Lucky, $(23.45), $501.55 
17/04/2019,Cellcard, $(5.00), $496.55 
17/04/2019,ATM POS, $(80.00), $416.55 
25/04/2019,Lucky, $(34.45), $382.10 
